<SRU:record><SRU:recordSchema>info:lc/xmlns/marcxchange-v1</SRU:recordSchema><SRU:recordPacking>xml</SRU:recordPacking><SRU:recordData><marcxchange:record format="normarc" type="Bibliographic" xmlns:marcxchange="info:lc/xmlns/marcxchange-v1"><marcxchange:leader>00784nam  2200253   4500</marcxchange:leader><marcxchange:controlfield tag="001">218799</marcxchange:controlfield><marcxchange:controlfield tag="008">140701                a          00nob</marcxchange:controlfield><marcxchange:datafield tag="015" ind1=" " ind2=" "><marcxchange:subfield code="a">10127583</marcxchange:subfield><marcxchange:subfield code="b">BibliofilID</marcxchange:subfield></marcxchange:datafield><marcxchange:datafield tag="019" ind1=" " ind2=" "><marcxchange:subfield code="b">dc,dj</marcxchange:subfield></marcxchange:datafield><marcxchange:datafield tag="020" ind1=" " ind2=" "><marcxchange:subfield code="a">978-82-16-15349-9</marcxchange:subfield></marcxchange:datafield><marcxchange:datafield tag="082" ind1="3" ind2=" "><marcxchange:subfield code="a">370</marcxchange:subfield></marcxchange:datafield><marcxchange:datafield tag="082" ind1="3" ind2=" "><marcxchange:subfield code="a">372.81</marcxchange:subfield></marcxchange:datafield><marcxchange:datafield tag="090" ind1=" " ind2=" "><marcxchange:subfield code="a">218799</marcxchange:subfield></marcxchange:datafield><marcxchange:datafield tag="100" ind1=" " ind2=" "><marcxchange:subfield code="a">Andreassen, Bengt-Ove</marcxchange:subfield><marcxchange:subfield code="d">1973-</marcxchange:subfield></marcxchange:datafield><marcxchange:datafield tag="245" ind1=" " ind2=" "><marcxchange:subfield code="a">Religionsdidaktikk</marcxchange:subfield><marcxchange:subfield code="h">daisy 2.02</marcxchange:subfield><marcxchange:subfield code="b">en innføring</marcxchange:subfield><marcxchange:subfield code="c">Bengt-Ove Andreassen</marcxchange:subfield></marcxchange:datafield><marcxchange:datafield tag="260" ind1=" " ind2=" "><marcxchange:subfield code="a">Oslo</marcxchange:subfield><marcxchange:subfield code="b">Norsk lyd- og blindeskriftbibliotek</marcxchange:subfield><marcxchange:subfield code="c">2014</marcxchange:subfield></marcxchange:datafield><marcxchange:datafield tag="300" ind1=" " ind2=" "><marcxchange:subfield code="a">16 t. 14 min.</marcxchange:subfield></marcxchange:datafield><marcxchange:datafield tag="511" ind1=" " ind2=" "><marcxchange:subfield code="a">Brage Talesyntese</marcxchange:subfield></marcxchange:datafield><marcxchange:datafield tag="592" ind1=" " ind2=" "><marcxchange:subfield code="a">21/07/2014</marcxchange:subfield></marcxchange:datafield><marcxchange:datafield tag="596" ind1=" " ind2=" "><marcxchange:subfield code="a">Oslo</marcxchange:subfield><marcxchange:subfield code="b">Universitetsforl.</marcxchange:subfield><marcxchange:subfield code="c">cop. 2012</marcxchange:subfield><marcxchange:subfield code="e">227 s.</marcxchange:subfield><marcxchange:subfield code="f">978-82-15-02018-1</marcxchange:subfield></marcxchange:datafield><marcxchange:datafield tag="650" ind1=" " ind2=" "><marcxchange:subfield code="a">Kristendom</marcxchange:subfield><marcxchange:subfield code="x">Undervisning</marcxchange:subfield><marcxchange:subfield code="0">grunnskolen</marcxchange:subfield><marcxchange:subfield code="1">372.81</marcxchange:subfield></marcxchange:datafield><marcxchange:datafield tag="650" ind1=" " ind2="1"><marcxchange:subfield code="a">Undervisning</marcxchange:subfield><marcxchange:subfield code="1">370</marcxchange:subfield></marcxchange:datafield><marcxchange:datafield tag="850" ind1=" " ind2=" "><marcxchange:subfield code="a">2030251</marcxchange:subfield><marcxchange:subfield code="b">Studie Oslo</marcxchange:subfield><marcxchange:subfield code="f">9</marcxchange:subfield><marcxchange:subfield code="h">9</marcxchange:subfield><marcxchange:subfield code="x">2014-08-04T15:59+0200</marcxchange:subfield></marcxchange:datafield><marcxchange:datafield tag="850" ind1=" " ind2=" "><marcxchange:subfield code="a">2030251</marcxchange:subfield><marcxchange:subfield code="b">Studie Oslo</marcxchange:subfield><marcxchange:subfield code="f">9</marcxchange:subfield><marcxchange:subfield code="h">4</marcxchange:subfield><marcxchange:subfield code="x">2014-08-04T15:59+0200</marcxchange:subfield><marcxchange:subfield code="y">1900-01-18</marcxchange:subfield></marcxchange:datafield><marcxchange:datafield tag="850" ind1=" " ind2=" "><marcxchange:subfield code="a">2030251</marcxchange:subfield><marcxchange:subfield code="b">Studie Oslo</marcxchange:subfield><marcxchange:subfield code="f">9</marcxchange:subfield><marcxchange:subfield code="h">9</marcxchange:subfield><marcxchange:subfield code="x">2014-08-04T15:59+0200</marcxchange:subfield></marcxchange:datafield><marcxchange:datafield tag="850" ind1=" " ind2=" "><marcxchange:subfield code="a">2030251</marcxchange:subfield><marcxchange:subfield code="b">Studie Oslo</marcxchange:subfield><marcxchange:subfield code="f">9</marcxchange:subfield><marcxchange:subfield code="h">9</marcxchange:subfield><marcxchange:subfield code="x">2014-08-04T15:59+0200</marcxchange:subfield></marcxchange:datafield><marcxchange:datafield tag="850" ind1=" " ind2=" "><marcxchange:subfield code="a">2030251</marcxchange:subfield><marcxchange:subfield code="b">Studie Oslo</marcxchange:subfield><marcxchange:subfield code="f">9</marcxchange:subfield><marcxchange:subfield code="h">9</marcxchange:subfield><marcxchange:subfield code="x">2014-08-04T15:59+0200</marcxchange:subfield></marcxchange:datafield><marcxchange:datafield tag="856" ind1=" " ind2=" "><marcxchange:subfield code="u">URN:NBN:no-nb_nlb_</marcxchange:subfield><marcxchange:subfield code="s">246796148</marcxchange:subfield></marcxchange:datafield><marcxchange:datafield tag="996" ind1=" " ind2=" "><marcxchange:subfield code="u">http://websok.nlb.no/cgi-bin/websok?tnr=218799</marcxchange:subfield><marcxchange:subfield code="t">local</marcxchange:subfield></marcxchange:datafield></marcxchange:record></SRU:recordData><SRU:recordPosition>33</SRU:recordPosition></SRU:record>